@article{song2025cnc,
  title={Research on CNC machining technology of straight bevel gears},
  author={Song, J. and Zhang, M. and Liu, L. and others},
  journal={Scientific Reports},
  year={2025},
  url={https://www.nature.com/articles/s41598-025-96885-9}
}

@article{song2025reliability,
  title={Reliability analysis of gear-bearing drive systems considering gear manufacturing and installation errors},
  author={Song, Jinzhou and Wang, Yifan and Hou, Lei and Zhang, Tao and others},
  journal={Scientific Reports},
  volume={15},
  pages={23301},
  year={2025},
  doi={10.1038/s41598-025-06446-3}
}

@article{budzisz2022finishing,
  title={High-speed and low-noise gear finishing by gear grinding and honing},
  author={Budzisz, W. and Marciniec, A.},
  journal={Chinese Journal of Mechanical Engineering},
  volume={37},
  number={2},
  pages={1--16},
  year={2024},
  url={https://cjme.springeropen.com/articles/10.1186/s10033-024-01078-6}
}

@article{abruzzo2023profile,
  title={Design for manufacturing of a spur gears profile modification based on the static transmission error for improving the dynamic behavior},
  author={Abruzzo, M. and Ceglarek, D. and Mancarella, F. and Leali, F.},
  journal={The International Journal of Advanced Manufacturing Technology},
  volume={126},
  number={7--8},
  pages={2509--2525},
  year={2023},
  doi={10.1007/s00170-023-11293-7}
}

@article{elsiedy2024multi,
  title={Multi-objective design optimization of polymer spur gears using a hybrid approach},
  author={Elsiedy, Marah A. and Hegazi, Hesham A. and El-Kassas, Ahmed M. and Zayed, Abdelhameed A.},
  journal={Journal of Engineering and Applied Science},
  volume={71},
  number={105},
  year={2024},
  doi={10.1186/s44147-024-00443-5}
}

@article{zhang2024cam,
  title={Optimization design and experiment of cam-elliptical gear combined vegetables curved surface labeling mechanism},
  author={Zhang, Lei and Zhou, Heng and Chen, Jianneng and others},
  journal={Frontiers in Robotics and AI},
  volume={11},
  pages={1431078},
  year={2024},
  doi={10.3389/frobt.2024.1431078}
}

@article{marafona2024stiffness,
  title={Gear design optimization: Stiffness versus dynamics},
  author={Marafona, J. D. M.},
  journal={Journal of Mechanical Design},
  volume={146},
  number={3},
  pages={031701},
  year={2024},
  doi={10.1115/1.4050190}
}

@article{litvin1995applied,
  title={Applied theory of gearing: State of the art},
  author={Litvin, F.L.},
  journal={Journal of Mechanical Design},
  volume={117},
  number={B},
  pages={19--28},
  year={1995},
  doi={10.1115/1.2836462}
}

@article{tang2024probabilistic,
  title={Probabilistic framework to unveil the factors that cause water pipe failures},
  author={Tang, L. and others},
  journal={Scientific Reports},
  year={2024},
  url={https://www.nature.com/articles/s41598-024-54628-3}
}

@article{zhang2024waterhammer,
  title={Unveiling the impact of pipe materials on water hammer in pressure pipelines},
  author={Zhang, H. and others},
  journal={Scientific Reports},
  year={2024},
  url={https://www.nature.com/articles/s41598-024-56949-4}
}

@article{ma2025awam,
  title={Strengthening of pipeline connection ends by arc-welding additive manufacturing},
  author={Ma, Weidong and others},
  journal={PLOS One},
  volume={20},
  number={7},
  pages={e0288413},
  year={2025},
  doi={10.1371/journal.pone.0288413}
}

@article{dracko2024cooling,
  title={Reduction of water consumption for heating plant cooling with an indirect cooling system and water reuse},
  author={Dračko, Pavel and others},
  journal={Water Conservation Science and Engineering},
  year={2024},
  doi={10.1007/s41101-024-00240-9}
}

@article{ingarao2014lca,
  title={Environmental comparison between a hot extrusion process and conventional machining processes through a life cycle assessment approach},
  author={Ingarao, Giuseppe and Priarone, Paolo Claudio and Gagliardi, Francesco and Di Lorenzo, Rosa and Settineri, Luca},
  journal={Key Engineering Materials},
  volume={622-623},
  pages={103--110},
  year={2014},
  doi={10.4028/www.scientific.net/KEM.622-623.103}
}

@misc{oneill2023metal,
  title={Metal manufacturing processes compared: machining, forging, casting, powder, additive, extrusion},
  author={O’Neill, Benedict},
  howpublished={Online article},
  year={2023},
  url={https://www.wevolver.com/article/metal-manufacturing-processes-compared-machining-forging-casting-powder-additive-extrusion}
}

@article{boral2023technological,
  title={Technological aspects of manufacturing and control of gears—Review},
  author={Boral, Prasenjit and Gołębski, Robert and Králiková, Renáta},
  journal={Materials},
  volume={16},
  number={23},
  pages={7453},
  year={2023},
  doi={10.3390/ma16237453}
}
