@misc{barber2025,
  author = {Barber, V.},
  title = {{¿Cuántas plantas caben en 1 hectárea? Calculadora de plantas}},
  howpublished = {VitiViniCultura.net},
  note = {Retrieved October 1, 2025, from \url{https://www.vitivinicultura.net/cuantas-plantas-de-vid-caben-en-mi.html}},
  year = {2025}
}

@misc{conabio,
  author = {{Conabio}},
  title = {{Reforestación | Biodiversidad mexicana}},
  howpublished = {Biodiversidad Mexicana},
  url = {https://www.biodiversidad.gob.mx/diversidad/reforestacion},
  year = {2020}
}

@misc{iberdrola2021,
  author = {{Iberdrola}},
  title = {{REFORESTACIÓN}},
  howpublished = {Iberdrola},
  url = {https://www.iberdrola.com/sostenibilidad/que-es-reforestacion},
  month = {April},
  year = {2021}
}

@misc{fao_invasoras,
  author = {{Food and Agriculture Organization of the United Nations}},
  title = {{Especies invasoras de ambientes forestales}},
  howpublished = {Forest-Health-and-Protection},
  url = {https://www.fao.org/forestry/pests/forest-invasive-species/es},
  year = {2021}
}

@misc{hydroenv2024,
  author = {{Hydro Environment}},
  title = {{Cultivo de agave azul (tequilana): De la Tierra al Producto}},
  howpublished = {Hydro Environment},
  url = {https://hydroenv.com.mx/id533/},
  month = {December},
  year = {2024}
}

@book{ross2012simulation,
  author = {Ross, Sheldon M.},
  title = {Simulation},
  edition = {5},
  publisher = {Academic Press},
  year = {2012},
  note = {Disponible en: \url{https://www.vitalsource.com/mx/products/simulation-ross-sheldon-m-v9780124158252}}
}

@misc{lamsa2017,
  author = {{Lamsa}},
  title = {{La Densidad de Siembra}},
  howpublished = {Lamsa},
  url = {https://www.lamsa.com.mx/index.php/node/1418},
  month = {June},
  year = {2017},
  note = {Retrieved October 1, 2025}
}

@book{norris1998,
  author = {Norris, James R.},
  title = {Markov Chains},
  publisher = {Cambridge University Press},
  year = {1998},
  note = {Disponible en: \url{https://www.cambridge.org/us/universitypress/subjects/statistics-probability/applied-probability-and-stochastic-networks/markov-chains}}
}

@book{ross2014probability,
  author = {Ross, Sheldon M.},
  title = {Introduction to Probability Models},
  edition = {11},
  publisher = {Academic Press},
  year = {2014},
  note = {Disponible en: \url{https://books.apple.com/mx/book/introduction-to-probability-models/id866975753}}
}

@techreport{usda2002,
  author = {{United States Department of Agriculture}},
  title = {{Manual de Reforestación para América Tropical}},
  institution = {USDA},
  year = {2002},
  month = {March},
  url = {https://data.fs.usda.gov/research/pubs/iitf/iitf_gtr_18_2002.pdf}
}

@book{fao2015,
  author = {{Food and Agriculture Organization of the United Nations}},
  title = {Global guidelines for the restoration of degraded forests and landscapes in drylands: Building resilience and benefiting livelihoods},
  series = {FAO Forestry Paper No. 175},
  publisher = {FAO},
  year = {2015}
}

@techreport{fao_unep2021,
  author = {{Food and Agriculture Organization of the United Nations} and {United Nations Environment Programme}},
  title = {Becoming \#GenerationRestoration: Ecosystem restoration for people, nature and climate},
  institution = {FAO \& UNEP},
  year = {2021}
}

@article{gann2019,
  author = {Gann, G. D. and McDonald, T. and Walder, B. and Aronson, J. and Nelson, C. R. and Jonson, J. and Hallett, J. G. and Eisenberg, C. and Guariguata, M. R. and Liu, J. and Hua, F. and Echeverría, C. and Gonzales, E. K. and Shaw, N. and Decleer, K. and Dixon, K. W.},
  title = {International principles and standards for the practice of ecological restoration. Second edition},
  journal = {Restoration Ecology},
  volume = {27},
  number = {S1},
  pages = {S1--S46},
  year = {2019},
  doi = {10.1111/rec.13035}
}

@techreport{itto2020,
  author = {{International Tropical Timber Organization}},
  title = {Guidelines for Forest Landscape Restoration in the Tropics},
  institution = {ITTO},
  year = {2020}
}

@techreport{iucn_wri2017,
  author = {{International Union for Conservation of Nature} and {World Resources Institute}},
  title = {ROAM: The Restoration Opportunities Assessment Methodology},
  edition = {Version 2.0},
  institution = {IUCN \& WRI},
  year = {2017}
}

@article{dairy_optimization2021,
  title = {Optimization of resource flows across the whole supply chain. Application to a case study in the dairy industry},
  journal = {Computers \& Chemical Engineering},
  year = {2021},
  publisher = {ScienceDirect},
  url = {https://www.sciencedirect.com/science/article/abs/pii/S0098135421004105}
}

@misc{lek2018,
  author = {{L.E.K. Consulting}},
  title = {Plant Consolidation business case and implementation plan for a leading roofing manufacturer},
  year = {2018},
  url = {https://www.lek.com/insights/cs/plant-consolidation-business-case-and-implementation-plan-leading-roofing-manufacturer}
}

@misc{mckinsey2020,
  author = {{McKinsey \& Company}},
  title = {Cost optimization in advanced industries},
  year = {2020},
  url = {https://www.mckinsey.com/industries/automotive-and-assembly/our-insights/how-industrial-companies-can-cut-their-indirect-costs-fast}
}

@article{additive_manufacturing2019,
  title = {Optimization of Part Consolidation for Minimum Production Costs and Time Using Additive Manufacturing},
  year = {2019},
  publisher = {ResearchGate},
  url = {https://www.researchgate.net/publication/336394424_Optimization_of_Part_Consolidation_for_Minimum_Production_Costs_and_Time_Using_Additive_Manufacturing}
}

@misc{lean_six_sigma2025,
  author = {{Unstoppable Software}},
  title = {How Lean Six Sigma is Simplifying The Manufacturing Process For Companies},
  year = {2025},
  url = {https://unstoppablesoftware.com/how-lean-six-sigma-is-simplifying-the-manufacturing-process-for-companies/}
}

@misc{geeksforgeeks2024_coloring,
  author = {{GeeksforGeeks}},
  title = {Introduction to Graph Coloring},
  year = {2024},
  url = {https://www.geeksforgeeks.org/dsa/graph-coloring-applications/}
}

@misc{tutorialspoint2024_edge,
  author = {{Tutorialspoint}},
  title = {Graph Theory - Edge Coloring},
  year = {2024},
  url = {https://www.tutorialspoint.com/graph_theory/graph_theory_edge_coloring.htm}
}

@misc{wikipedia2024_edge,
  author = {{Wikipedia}},
  title = {Edge coloring},
  year = {2024},
  url = {https://en.wikipedia.org/wiki/Edge_coloring}
}

@misc{wikipedia2024_graph,
  author = {{Wikipedia}},
  title = {Graph coloring},
  year = {2024},
  url = {https://en.wikipedia.org/wiki/Graph_coloring}
}
