@online{wikipedia_engranaje,
    author = {{Wikipedia}},
    title = {Engranaje},
    year = {2025},
    url = {https://es.wikipedia.org/wiki/Engranaje},
    note = {Disponible en: \url{https://es.wikipedia.org/wiki/Engranaje}},
}

@online{zintilon_gears,
    author = {{Zintilon}},
    title = {Types of Gears},
    year = {2025},
    url = {https://www.zintilon.com/es/blog/types-of-gears/},
    note = {Disponible en: \url{https://www.zintilon.com/es/blog/types-of-gears/
            }},
}

@online{lsrpf_gear_design,
    author = {{LSRPF}},
    title = {Gear Design, Materials \& Standards: Cómo Optimizar el Rendimiento
             con Estudios de Caso Basados en Datos},
    year = {2025},
    url = {
           https://www.lsrpf.com/es/blog/gear-design-materials-standards-how-to-optimize-performance-with-data-driven-case-studies
           },
    note = {Disponible en: \url{
            https://www.lsrpf.com/es/blog/gear-design-materials-standards-how-to-optimize-performance-with-data-driven-case-studies
            }},
}

@online{mecatronica_latam,
    author = {{MecatrónicaLATAM}},
    title = {Engranaje — Tutorial Mecánica},
    year = {2025},
    url = {
           https://www.mecatronicalatam.com/es/tutoriales/mecanica/mecanismos/engranaje/
           },
    note = {Disponible en: \url{
            https://www.mecatronicalatam.com/es/tutoriales/mecanica/mecanismos/engranaje/
            }},
}

@online{slideshare_engranes,
    author = {{Slideshare}},
    title = {Diseño de Engranes},
    year = {2025},
    url = {
           https://es.slideshare.net/slideshow/diseo-de-engranes-62826212/62826212
           },
    note = {Disponible en: \url{
            https://es.slideshare.net/slideshow/diseo-de-engranes-62826212/62826212
            }},
}

@online{sevilla_engranajes,
    author = {{Universidad de Sevilla}},
    title = {Engranajes (proyecto académico)},
    year = {2025},
    url = {https://biblus.us.es/bibing/proyectos/abrepr.../6.+Engranajes.pdf},
    note = {Disponible en: \url{
            https://biblus.us.es/bibing/proyectos/abrepr.../6.+Engranajes.pdf}},
}

@online{sandvik_gears,
    author = {{Sandvik Coromant}},
    title = {Gear Manufacturing},
    year = {2025},
    url = {
           https://www.sandvik.coromant.com/es-es/knowledge/milling/gear-manufacturing
           },
    note = {Disponible en: \url{
            https://www.sandvik.coromant.com/es-es/knowledge/milling/gear-manufacturing
            }},
}
